@article{Baketal1988,
  author = {P. Bak and Chao Tang and K. Wiesenfeld},
  title = {Self-organized criticality},
  year = {1988},
  journal = {Physical review. A, General physics},
}

@article{Bertschingeretal2004,
  author = {Nils Bertschinger and T. Natschläger},
  title = {Real-Time Computation at the Edge of Chaos in Recurrent Neural Networks},
  year = {2004},
  journal = {Neural Computation},
}

@article{Beggsetal2003,
  author = {John M. Beggs and D. Plenz},
  title = {Neuronal Avalanches in Neocortical Circuits},
  year = {2003},
  journal = {Journal of Neuroscience},
}

@article{Beggsetal2012,
  author = {John M. Beggs and N. Timme},
  title = {Being Critical of Criticality in the Brain},
  year = {2012},
  journal = {Front. Physio.},
}

@article{Kinouchietal2006,
  author = {O. Kinouchi and M. Copelli},
  title = {Optimal dynamical range of excitable networks at criticality},
  year = {2006},
  journal = {Physical Review E},
}

@article{Meiseletal2011,
  author = {C. Meisel and A. Storch and S. Hallmeyer-Elgner and E. Bullmore and Thilo Gross},
  title = {Failure of Adaptive Self-Organized Criticality during Epileptic Seizure Attacks},
  year = {2011},
  journal = {PLoS Comput. Biol.},
}

@article{Papaetal2017,
  author = {Bruno Del Papa and V. Priesemann and J. Triesch},
  title = {Criticality meets learning: Criticality signatures in a self-organizing recurrent neural network},
  year = {2017},
  journal = {PLoS ONE},
}

@article{Sethnaetal2001,
  author = {J. Sethna and K. Dahmen and C. Myers},
  title = {Crackling noise},
  year = {2001},
  journal = {Nature},
}

@article{Shewetal2009,
  author = {Woodrow L. Shew and Hongdian Yang and T. Petermann and R. Roy and D. Plenz},
  title = {Neuronal Avalanches Imply Maximum Dynamic Range in Cortical Networks at Criticality},
  year = {2009},
  journal = {Journal of Neuroscience},
}

@article{Shewetal2010,
  author = {Woodrow L. Shew and Hongdian Yang and Shan Yu and R. Roy and D. Plenz},
  title = {Information Capacity and Transmission Are Maximized in Balanced Cortical Networks with Neuronal Avalanches},
  year = {2010},
  journal = {Journal of Neuroscience},
}

@article{Tiberietal2021,
  author = {Lorenzo Tiberi and J. Stapmanns and Tobias Kühn and T. Luu and David Dahmen and M. Helias},
  title = {Gell-Mann-Low Criticality in Neural Networks},
  year = {2021},
  journal = {Physical Review Letters},
}